@book{zahradnik2004state,
  title={State Income Tax Burdens on Low-Income Families in 2003},
  author={Zahradnik, Bob and Llobrera, Joseph},
  year={2004},
  publisher={Center on Budget and Policy Priorities}
}

@article{eissa2006behavioral,
  title={Behavioral responses to taxes: Lessons from the EITC and labor supply},
  author={Eissa, Nada and Hoynes, Hilary W},
  journal={Tax policy and the economy},
  volume={20},
  pages={73--110},
  year={2006},
  publisher={The MIT Press}
}

@Online{irs2021,
  title  = {Statistics for Tax Returns with the Earned Income Tax Credit (EITC)},
  url    = {https://www.eitc.irs.gov/eitc-central/statistics-for-tax-returns-with-eitc/statistics-for-tax-returns-with-the-earned-income},
  urldate  = {2022-05-09},
  year = {2021}
}

@Online{wunc,
  title  = {Statistics for Tax Returns with the Earned Income Tax Credit (EITC)},
  url    = {https://www.wunc.org/politics/2014-03-15/nc-says-good-bye-to-earned-income-tax-credit-only-state-to-do-so-in-30-years},
  urldate  = {2022-05-09},
  year = {2014}
}

@Online{ppic,
  title  = {Earned Income Tax Credits in California},
  url    = {https://www.ppic.org/wp-content/uploads/jtf_eitcjtf.pdf},
  urldate  = {2022-05-10},
  year = {2018}
}

@article{baughman2012effects,
  title={The effects of state EITC expansion on children’s health},
  author={Baughman, Reagan A},
  year={2012},
  publisher={Durham, NH: Carsey Institute, University of New Hampshire}
}

@article{evans2014giving,
  title={Giving mom a break: The impact of higher EITC payments on maternal health},
  author={Evans, William N and Garthwaite, Craig L},
  journal={American Economic Journal: Economic Policy},
  volume={6},
  number={2},
  pages={258--90},
  year={2014}
}

@article{baughman2003did,
  title={Did expanding the eitc promote motherhood?},
  author={Baughman, Reagan and Dickert-Conlin, Stacy},
  journal={American Economic Review},
  volume={93},
  number={2},
  pages={247--251},
  year={2003}
}

@article{neumark2001using,
  title={Using the EITC to help poor families: New evidence and a comparison with the minimum wage},
  author={Neumark, David and Wascher, William},
  journal={National Tax Journal},
  volume={54},
  number={2},
  pages={281--317},
  year={2001},
  publisher={The University of Chicago Press}
}


@article{saez2010taxpayers,
  title={Do taxpayers bunch at kink points?},
  author={Saez, Emmanuel},
  journal={American economic Journal: economic policy},
  volume={2},
  number={3},
  pages={180--212},
  year={2010}
}

@techreport{kleven2019eitc,
  title={The EITC and the extensive margin: A reappraisal},
  author={Kleven, Henrik},
  year={2019},
  institution={National Bureau of Economic Research}
}

@article{chetty2013teaching,
  title={Teaching the tax code: Earnings responses to an experiment with EITC recipients},
  author={Chetty, Raj and Saez, Emmanuel},
  journal={American Economic Journal: Applied Economics},
  volume={5},
  number={1},
  pages={1--31},
  year={2013}
}

@article{lenhart2019effects,
  title={The effects of state-level earned income tax credits on suicides},
  author={Lenhart, Otto},
  journal={Health economics},
  volume={28},
  number={12},
  pages={1476--1482},
  year={2019},
  publisher={Wiley Online Library}
}

@techreport{linos2020can,
  title={Can Nudges Increase Take-up of the EITC?: Evidence from Multiple Field Experiments},
  author={Linos, Elizabeth and Prohofsky, Allen and Ramesh, Aparna and Rothstein, Jesse and Unrath, Matt},
  year={2020},
  institution={National Bureau of Economic Research}
}

@article{ferman2020cherry,
  title={Cherry picking with synthetic controls},
  author={Ferman, Bruno and Pinto, Cristine and Possebom, Vitor},
  journal={Journal of Policy Analysis and Management},
  volume={39},
  number={2},
  pages={510--532},
  year={2020},
  publisher={Wiley Online Library}
}

@article{abadie2010synthetic,
  title={Synthetic control methods for comparative case studies: Estimating the effect of California’s tobacco control program},
  author={Abadie, Alberto and Diamond, Alexis and Hainmueller, Jens},
  journal={Journal of the American statistical Association},
  volume={105},
  number={490},
  pages={493--505},
  year={2010},
  publisher={Taylor \& Francis}
}

@article{athey2017state,
  title={The state of applied econometrics: Causality and policy evaluation},
  author={Athey, Susan and Imbens, Guido W},
  journal={Journal of Economic Perspectives},
  volume={31},
  number={2},
  pages={3--32},
  year={2017}
}